<record><leader>00000cas a2200000 i 4500</leader><controlfield tag="001">14643559</controlfield><controlfield tag="008">861106d18511861wiudn ne      0    0eng c</controlfield><datafield ind1=" " ind2=" " tag="010"><subfield code="a">sn 86086592 </subfield></datafield><datafield ind1=" " ind2=" " tag="040"><subfield code="a">NPV</subfield><subfield code="b">eng</subfield><subfield code="e">rda</subfield><subfield code="c">NPV</subfield><subfield code="d">DLC</subfield><subfield code="d">NPX</subfield><subfield code="d">NVF</subfield><subfield code="d">OCL</subfield><subfield code="d">CUI</subfield><subfield code="d">OCLCQ</subfield><subfield code="d">OCLCF</subfield><subfield code="d">IUL</subfield></datafield><datafield ind1=" " ind2=" " tag="042"><subfield code="a">pcc</subfield></datafield><datafield ind1=" " ind2=" " tag="043"><subfield code="a">n-us-wi</subfield></datafield><datafield ind1="0" ind2="0" tag="050"><subfield code="a">Newspaper</subfield></datafield><datafield ind1=" " ind2="4" tag="050"><subfield code="a">AN</subfield></datafield><datafield ind1="0" ind2=" " tag="130"><subfield code="a">Milwaukee daily sentinel (Milwaukee, Wis. : 1851)</subfield></datafield><datafield ind1="1" ind2="0" tag="245"><subfield code="a">Milwaukee daily sentinel.</subfield></datafield><datafield ind1="1" ind2="3" tag="246"><subfield code="a">Milwaukee sentinel</subfield></datafield><datafield ind1="1" ind2="3" tag="246"><subfield code="a">Sentinel</subfield></datafield><datafield ind1=" " ind2="1" tag="264"><subfield code="a">Milwaukee, [Wis.] :</subfield><subfield code="b">Rufus King &amp; Co.,</subfield><subfield code="c">1851-1861.</subfield></datafield><datafield ind1=" " ind2=" " tag="300"><subfield code="a">11 volumes</subfield></datafield><datafield ind1=" " ind2=" " tag="310"><subfield code="a">Daily (except Sunday)</subfield></datafield><datafield ind1=" " ind2=" " tag="336"><subfield code="a">text</subfield><subfield code="b">txt</subfield><subfield code="2">rdacontent</subfield></datafield><datafield ind1=" " ind2=" " tag="337"><subfield code="a">unmediated</subfield><subfield code="b">n</subfield><subfield code="2">rdamedia</subfield></datafield><datafield ind1=" " ind2=" " tag="338"><subfield code="a">volume</subfield><subfield code="b">nc</subfield><subfield code="2">rdacarrier</subfield></datafield><datafield ind1="0" ind2=" " tag="362"><subfield code="a">New series, volume VII, number 250 (October 13, 1851)-volume XVIII, number 105 (May 4, 1861).</subfield></datafield><datafield ind1=" " ind2=" " tag="500"><subfield code="a">The word "daily" appears above the masthead ornament, Mar. 7, 1859-May 4, 1861.</subfield></datafield><datafield ind1=" " ind2=" " tag="500"><subfield code="a">Publisher varies.</subfield></datafield><datafield ind1=" " ind2=" " tag="500"><subfield code="a">Editor: R. King, Jan. 8, 1858-May 4, 1861.</subfield></datafield><datafield ind1=" " ind2=" " tag="500"><subfield code="a">Title from masthead.</subfield></datafield><datafield ind1=" " ind2=" " tag="530"><subfield code="a">Also issued on microfilm from the State Historical Socity of Wisconsin.</subfield></datafield><datafield ind1=" " ind2=" " tag="580"><subfield code="a">Other ed.: Milwaukee weekly sentinel (Milwaukee, Wis. : 1851), &lt;1857&gt;-1861.</subfield></datafield><datafield ind1=" " ind2=" " tag="580"><subfield code="a">Other ed.: Milwaukee tri-weekly sentinel, &lt;1857&gt;-1861.</subfield></datafield><datafield ind1=" " ind2="0" tag="651"><subfield code="a">Milwaukee (Wis.)</subfield><subfield code="v">Newspapers.</subfield></datafield><datafield ind1=" " ind2="0" tag="651"><subfield code="a">Milwaukee County (Wis.)</subfield><subfield code="v">Newspapers.</subfield></datafield><datafield ind1=" " ind2="7" tag="651"><subfield code="a">Wisconsin</subfield><subfield code="z">Milwaukee.</subfield><subfield code="2">fast</subfield><subfield code="0">(OCoLC)fst01206626</subfield></datafield><datafield ind1=" " ind2="7" tag="651"><subfield code="a">Wisconsin</subfield><subfield code="z">Milwaukee County.</subfield><subfield code="2">fast</subfield><subfield code="0">(OCoLC)fst01202910</subfield></datafield><datafield ind1=" " ind2="7" tag="655"><subfield code="a">Newspapers.</subfield><subfield code="2">fast</subfield><subfield code="0">(OCoLC)fst01423814</subfield></datafield><datafield ind1=" " ind2=" " tag="752"><subfield code="a">United States</subfield><subfield code="b">Wisconsin</subfield><subfield code="c">Milwaukee</subfield><subfield code="d">Milwaukee.</subfield></datafield><datafield ind1="1" ind2=" " tag="775"><subfield code="t">Milwaukee weekly sentinel (Milwaukee, Wis. : 1851)</subfield><subfield code="w">(DLC)sn 85033182</subfield><subfield code="w">(OCoLC)11718715</subfield></datafield><datafield ind1="1" ind2=" " tag="775"><subfield code="t">Milwaukee tri-weekly sentinel</subfield><subfield code="w">(DLC)sn 86077057</subfield><subfield code="w">(OCoLC)13919304</subfield></datafield><datafield ind1="0" ind2="8" tag="776"><subfield code="i">Online version:</subfield><subfield code="t">Milwaukee daily sentinel (Milwaukee, Wis. : 1851 : Online)</subfield><subfield code="w">(OCoLC)654485352</subfield></datafield><datafield ind1="0" ind2="0" tag="780"><subfield code="t">Milwaukee daily sentinel and gazette</subfield><subfield code="w">(DLC)sn 86086591</subfield><subfield code="w">(OCoLC)14643093</subfield></datafield><datafield ind1="0" ind2="6" tag="785"><subfield code="t">Milwaukee morning sentinel</subfield><subfield code="w">(DLC)sn 86086593</subfield><subfield code="w">(OCoLC)14643897</subfield></datafield><datafield ind1="0" ind2="6" tag="785"><subfield code="t">Milwaukee evening sentinel</subfield><subfield code="w">(DLC)sn 86086594</subfield><subfield code="w">(OCoLC)14644397</subfield></datafield><datafield ind1="4" ind2="1" tag="856"><subfield code="u">http://infoweb.newsbank.com/?db=EANX&amp;s_browseRef=decades/119BAA7547AD9B50/all.xml</subfield></datafield><datafield ind1="1" ind2=" " tag="029"><subfield code="a">AU@</subfield><subfield code="b">000025830330</subfield></datafield></record>